<?xml version="1.0" encoding="UTF-8"?><record xmlns="http://www.loc.gov/MARC21/slim" xmlns:cinclude="http://apache.org/cocoon/include/1.0" xmlns:zs="http://www.loc.gov/zing/srw/">
  <leader>01985nz  a2200277n  4500</leader>
  <controlfield tag="001">no2015151957</controlfield>
  <controlfield tag="003">DLC</controlfield>
  <controlfield tag="005">20151113073608.0</controlfield>
  <controlfield tag="008">151112n| azannaabn          |a aaa     c</controlfield>
  <datafield tag="010" ind1=" " ind2=" ">
    <subfield code="a">no2015151957</subfield>
  </datafield>
  <datafield tag="035" ind1=" " ind2=" ">
    <subfield code="a">(OCoLC)oca10319996</subfield>
  </datafield>
  <datafield tag="040" ind1=" " ind2=" ">
    <subfield code="a">FTaSU</subfield>
    <subfield code="b">eng</subfield>
    <subfield code="e">rda</subfield>
    <subfield code="c">FTaSU</subfield>
  </datafield>
  <datafield tag="046" ind1=" " ind2=" ">
    <subfield code="s">20</subfield>
  </datafield>
  <datafield tag="100" ind1="1" ind2=" ">
    <subfield code="a">Speed, Katherine Hovermale</subfield>
  </datafield>
  <datafield tag="368" ind1=" " ind2=" ">
    <subfield code="a">Florida Senator Claude Pepper's executive secretary during the 1930s and 40s.</subfield>
  </datafield>
  <datafield tag="370" ind1=" " ind2=" ">
    <subfield code="c">United States</subfield>
    <subfield code="f">Tallahassee (Fla.)</subfield>
    <subfield code="2">naf</subfield>
  </datafield>
  <datafield tag="373" ind1=" " ind2=" ">
    <subfield code="a">Tallahassee Pecan Company</subfield>
  </datafield>
  <datafield tag="374" ind1=" " ind2=" ">
    <subfield code="a">Businesswomen</subfield>
    <subfield code="a">Administrative assistants</subfield>
    <subfield code="2">lcsh</subfield>
  </datafield>
  <datafield tag="375" ind1=" " ind2=" ">
    <subfield code="a">female</subfield>
  </datafield>
  <datafield tag="377" ind1=" " ind2=" ">
    <subfield code="a">eng</subfield>
  </datafield>
  <datafield tag="400" ind1="1" ind2=" ">
    <subfield code="a">Speed, Katie</subfield>
  </datafield>
  <datafield tag="400" ind1="1" ind2=" ">
    <subfield code="a">Speed, Kathryn</subfield>
  </datafield>
  <datafield tag="400" ind1="1" ind2=" ">
    <subfield code="a">Hovermale, Katherine</subfield>
  </datafield>
  <datafield tag="670" ind1=" " ind2=" ">
    <subfield code="a">Florida State University Digital Library, viewed November 12, 2015:</subfield>
    <subfield code="b">Claude Pepper Papers, Photographs, Series E: Other People (William and Katherine Speed standing by Fireplace; Abstract/Description: Claude Pepper's former executive secretary in Tallahassee, Florida)</subfield>
    <subfield code="u">https://fsu.digital.flvc.org/islandora/object/fsu%3A58202</subfield>
  </datafield>
  <datafield tag="670" ind1=" " ind2=" ">
    <subfield code="a">Florida State University Digital Library, viewed November 12, 2015:</subfield>
    <subfield code="b">Claude Pepper Diary of 1941 page 88 (Mrs. Katie Speed) page 106 (Kathryn Speed)</subfield>
  </datafield>
  <datafield tag="670" ind1=" " ind2=" ">
    <subfield code="a">Social Networks and Archives Context - SNAC, viewed November 12, 2015:</subfield>
    <subfield code="b">(Tallahassee Pecan Company - Biographical notes: ... On April 4, 1917, Katherine Hovermale was sworn in as Secretary of the [Tallahassee Pecan Company] ... In July 1925, there was a new certificate of incorporation. On November 10, 1936, a joint meeting of the stockholders and the board of directors was held, and Katherine Hovermale was recognized as owner of all capital stock and possessed the title to all assets of the company. Katherine Hovermale was later married to William Speed, and the Tallahassee Pecan Plantation was sold by Mr. and Mrs. Speed to Millard Caldwell of Tallahassee, who is the present owner)</subfield>
    <subfield code="u">http://socialarchive.iath.virginia.edu/ark:/99166/w6sz1d0z</subfield>
  </datafield>
</record>